
@book{magnusCombinatorialGroupTheory2004,
  address = {Mineola, NY},
  edition = {Unabridged and unaltered republication of the 2. rev. Dover ed},
  title = {Combinatorial Group Theory: Presentations of Groups in Terms of Generators and Relations},
  isbn = {978-0-486-43830-6},
  shorttitle = {Combinatorial Group Theory},
  language = {eng},
  publisher = {{Dover Publications}},
  author = {Magnus, Wilhelm and Karrass, Abraham and Solitar, Donald},
  year = {2004},
  note = {OCLC: 254445530},
  annote = {Orig. publ.: New York : Interscience, 1976}
}

@book{saganSymmetricGroup2001,
  address = {New York, NY},
  series = {Graduate {{Texts}} in {{Mathematics}}},
  title = {The {{Symmetric Group}}},
  volume = {203},
  isbn = {978-1-4419-2869-6 978-1-4757-6804-6},
  publisher = {{Springer New York}},
  author = {Sagan, Bruce E.},
  year = {2001},
  doi = {10.1007/978-1-4757-6804-6}
}


